%% This BibTeX bibliography file was created using BibDesk.
%% http://bibdesk.sourceforge.net/


%% Created for Dominik Moritz at 2013-12-09 14:43:16 -0800 


%% Saved with string encoding Unicode (UTF-8) 



@url{zipkin,
	Author = {Twitter},
	Date-Added = {2013-12-09 22:38:53 +0000},
	Date-Modified = {2013-12-09 22:43:06 +0000},
	Lastchecked = {12/9/2013},
	Title = {Zipkin},
	Url = {http://twitter.github.io/zipkin/},
	howpublished = {\url{http://twitter.github.io/zipkin/}},
	Urldate = {12/2013},
	Year = {2012}}

@url{ambrose,
	Author = {Twitter},
	Date-Added = {2013-12-09 22:38:53 +0000},
	Date-Modified = {2013-12-09 22:43:06 +0000},
	Lastchecked = {12/9/2013},
	Title = {Ambrose},
	Url = {https://github.com/twitter/ambrose},
	howpublished = {\url{https://github.com/twitter/ambrose}},
	Urldate = {12/2013},
	Year = {2013}}

@article{sigelman2010dapper,
	Author = {Sigelman, Benjamin H and Barroso, Luiz Andre and Burrows, Mike and Stephenson, Pat and Plakal, Manoj and Beaver, Donald and Jaspan, Saul and Shanbhag, Chandan},
	Date-Added = {2013-12-09 22:38:23 +0000},
	Date-Modified = {2013-12-09 22:38:23 +0000},
	Title = {Dapper, a large-scale distributed systems tracing infrastructure}}

@inproceedings{szalay2002sdss,
	Author = {Szalay, Alexander S and Gray, Jim and Thakar, Ani R and Kunszt, Peter Z and Malik, Tanu and Raddick, Jordan and Stoughton, Christopher and vandenBerg, Jan},
	Booktitle = {Proceedings of the 2002 ACM SIGMOD international conference on Management of data},
	Date-Added = {2013-11-22 21:17:16 +0000},
	Date-Modified = {2013-11-22 21:17:16 +0000},
	Organization = {ACM},
	Pages = {570--581},
	Title = {The SDSS skyserver: public access to the sloan digital sky server data},
	Year = {2002}}

@article{graefe2009visualizing,
	Author = {Graefe, Goetz and Kuno, Harumi and Wiener, Janet},
	Date-Added = {2013-11-22 21:13:10 +0000},
	Date-Modified = {2013-11-22 21:13:10 +0000},
	Journal = {arXiv preprint arXiv:0909.1772},
	Title = {Visualizing the robustness of query execution},
	Year = {2009}}

@article{del2010visualization,
	Author = {Del Rio, Nicholas and Pinheiro da Silva, Paulo},
	Date-Added = {2013-11-22 21:11:37 +0000},
	Date-Modified = {2013-11-22 21:11:37 +0000},
	Title = {Visualization queries},
	Year = {2010}}
